<?xml version="1.0" encoding="UTF-8"?><collection xmlns="http://www.loc.gov/MARC21/slim"><record><leader>00402nam--2200169-i-4500</leader><controlfield tag="001">000007037</controlfield><controlfield tag="002">20161230</controlfield><controlfield tag="005">20161230201027</controlfield><controlfield tag="008">060222s1000------------r-----000-0-eng-d</controlfield><datafield ind1=" " ind2=" " tag="040"><subfield code="a">IFIN-HH</subfield></datafield><datafield ind1=" " ind2=" " tag="080"><subfield code="a">535</subfield></datafield><datafield ind1="1" ind2=" " tag="100"><subfield code="a">Ditchburn, R.W</subfield></datafield><datafield ind1="1" ind2="0" tag="245"><subfield code="a">Light</subfield><subfield code="c">R.w. ditchburn</subfield></datafield><datafield ind1=" " ind2=" " tag="260"><subfield code="a">GLASGOW</subfield><subfield code="b">Blackie &amp; Son Limited</subfield><subfield code="c">1959</subfield></datafield><datafield ind1=" " ind2=" " tag="300"><subfield code="a">680 P</subfield></datafield><datafield ind1=" " ind2=" " tag="852"><subfield code="a">21883</subfield><subfield code="c">535</subfield></datafield><datafield ind1=" " ind2=" " tag="CAT"><subfield code="a">Sys</subfield><subfield code="c">20101022</subfield><subfield code="h">133021</subfield></datafield></record></collection>